<record><leader>00000cas a2200000 a 4500</leader><controlfield tag="001">9641729</controlfield><controlfield tag="008">830624d187u187uinuwr ne      0    0eng c</controlfield><datafield ind1=" " ind2=" " tag="010"><subfield code="a">sn 83025590 </subfield></datafield><datafield ind1=" " ind2=" " tag="040"><subfield code="a">NPV</subfield><subfield code="b">eng</subfield><subfield code="c">NPV</subfield><subfield code="d">NPX</subfield><subfield code="d">NPI</subfield><subfield code="d">KNP</subfield><subfield code="d">OCL</subfield><subfield code="d">OCLCQ</subfield><subfield code="d">CUI</subfield><subfield code="d">OCLCQ</subfield><subfield code="d">OCLCF</subfield></datafield><datafield ind1="1" ind2=" " tag="029"><subfield code="a">AU@</subfield><subfield code="b">000025815687</subfield></datafield><datafield ind1=" " ind2=" " tag="042"><subfield code="a">pcc</subfield></datafield><datafield ind1=" " ind2=" " tag="043"><subfield code="a">n-us-in</subfield></datafield><datafield ind1=" " ind2=" " tag="045"><subfield code="a">w4w9</subfield></datafield><datafield ind1=" " ind2="4" tag="050"><subfield code="a">AN</subfield></datafield><datafield ind1=" " ind2=" " tag="052"><subfield code="a">4093</subfield><subfield code="b">M8</subfield></datafield><datafield ind1="0" ind2=" " tag="130"><subfield code="a">Crawfordsville review (Crawfordsville, Ind. : Weekly : 1876)</subfield></datafield><datafield ind1="1" ind2="4" tag="245"><subfield code="a">The Crawfordsville review.</subfield></datafield><datafield ind1="1" ind2="7" tag="246"><subfield code="a">Crawfordsville weekly review</subfield></datafield><datafield ind1=" " ind2=" " tag="260"><subfield code="a">Crawfordsville, Ind. :</subfield><subfield code="b">J.L. Miller</subfield></datafield><datafield ind1=" " ind2=" " tag="588"><subfield code="a">Description based on: Vol. 27, no. 37 (May 20, 1876).</subfield></datafield><datafield ind1=" " ind2="0" tag="651"><subfield code="a">Crawfordsville (Ind.)</subfield><subfield code="v">Newspapers.</subfield></datafield><datafield ind1=" " ind2="0" tag="651"><subfield code="a">Montgomery County (Ind.)</subfield><subfield code="v">Newspapers.</subfield></datafield><datafield ind1=" " ind2="7" tag="655"><subfield code="a">Newspapers.</subfield><subfield code="2">fast</subfield><subfield code="0">(OCoLC)fst01423814</subfield></datafield><datafield ind1=" " ind2="7" tag="651"><subfield code="a">Indiana</subfield><subfield code="z">Crawfordsville.</subfield><subfield code="2">fast</subfield><subfield code="0">(OCoLC)fst01227693</subfield></datafield><datafield ind1=" " ind2="7" tag="651"><subfield code="a">Indiana</subfield><subfield code="z">Montgomery County.</subfield><subfield code="2">fast</subfield><subfield code="0">(OCoLC)fst01208888</subfield></datafield><datafield ind1=" " ind2=" " tag="752"><subfield code="a">United States</subfield><subfield code="b">Indiana</subfield><subfield code="c">Montgomery</subfield><subfield code="d">Crawfordsville.</subfield></datafield><datafield ind1="0" ind2="8" tag="776"><subfield code="i">Online version:</subfield><subfield code="t">Crawfordsville review (Crawfordsville, Ind. : Weekly : 1876 : Online)</subfield><subfield code="w">(OCoLC)192107235</subfield></datafield><datafield ind1="0" ind2="0" tag="780"><subfield code="t">Crawfordsville weekly review</subfield><subfield code="w">(DLC)sn 82014477</subfield><subfield code="w">(OCoLC)8797485</subfield></datafield><datafield ind1="0" ind2="0" tag="785"><subfield code="t">Weekly review (Crawfordsville, Ind.)</subfield><subfield code="w">(DLC)sn 87055420</subfield><subfield code="w">(OCoLC)15288798</subfield></datafield></record>